
<record>
  <leader>03353cam a22003497i 4500</leader>
  <controlfield tag="001">18985161</controlfield>
  <controlfield tag="005">20200103150558.0</controlfield>
  <controlfield tag="008">160219t20162016si a     b    001 0 eng c</controlfield>
  <datafield tag="906" ind1=" " ind2=" ">
    <subfield code="a">7</subfield>
    <subfield code="b">cbc</subfield>
    <subfield code="c">orignew</subfield>
    <subfield code="d">1</subfield>
    <subfield code="e">ecip</subfield>
    <subfield code="f">20</subfield>
    <subfield code="g">y-gencatlg</subfield>
  </datafield>
  <datafield tag="925" ind1="0" ind2=" ">
    <subfield code="a">acquire</subfield>
    <subfield code="b">1 shelf copy</subfield>
    <subfield code="x">policy default</subfield>
  </datafield>
  <datafield tag="955" ind1=" " ind2=" ">
    <subfield code="a">OU</subfield>
    <subfield code="e">rl46 2016-02-22 (telework) to Dewey</subfield>
    <subfield code="w">xm06 2016-02-22</subfield>
    <subfield code="a">xn14 2016-08-31 1 copy rec&apos;d., to CIP ver.</subfield>
    <subfield code="a">rl00 2016-09-01-16 to SMA</subfield>
    <subfield code="f">rl06 2016-09-07 to CALM</subfield>
  </datafield>
  <datafield tag="010" ind1=" " ind2=" ">
    <subfield code="a">  2016008403</subfield>
  </datafield>
  <datafield tag="020" ind1=" " ind2=" ">
    <subfield code="a">9789813141353</subfield>
    <subfield code="q">(hardback ;</subfield>
    <subfield code="q">alk. paper)</subfield>
  </datafield>
  <datafield tag="020" ind1=" " ind2=" ">
    <subfield code="a">9813141352</subfield>
    <subfield code="q">(hardback ;</subfield>
    <subfield code="q">alk. paper)</subfield>
  </datafield>
  <datafield tag="040" ind1=" " ind2=" ">
    <subfield code="a">OU/DLC</subfield>
    <subfield code="b">eng</subfield>
    <subfield code="c">OU</subfield>
    <subfield code="e">rda</subfield>
    <subfield code="d">DLC</subfield>
  </datafield>
  <datafield tag="050" ind1="0" ind2="0">
    <subfield code="a">QA805</subfield>
    <subfield code="b">.S724 2016</subfield>
  </datafield>
  <datafield tag="082" ind1="0" ind2="0">
    <subfield code="a">531</subfield>
    <subfield code="2">23</subfield>
  </datafield>
  <datafield tag="100" ind1="1" ind2=" ">
    <subfield code="a">Stetz, Albert W.,</subfield>
    <subfield code="d">1940-</subfield>
    <subfield code="e">author.</subfield>
  </datafield>
  <datafield tag="245" ind1="1" ind2="0">
    <subfield code="a">Lectures on nonlinear mechanics and chaos theory /</subfield>
    <subfield code="c">Albert W. Stetz, Oregon State University, USA.</subfield>
  </datafield>
  <datafield tag="264" ind1=" " ind2="1">
    <subfield code="a">Singapore ;</subfield>
    <subfield code="a">Hackensack, NJ :</subfield>
    <subfield code="b">World Scientific Publishing Co. Pte. Ltd.,</subfield>
    <subfield code="c">[2016]</subfield>
  </datafield>
  <datafield tag="264" ind1=" " ind2="4">
    <subfield code="c">©2016</subfield>
  </datafield>
  <datafield tag="300" ind1=" " ind2=" ">
    <subfield code="a">ix, 130 pages :</subfield>
    <subfield code="b">illustrations ;</subfield>
    <subfield code="c">24 cm</subfield>
  </datafield>
  <datafield tag="336" ind1=" " ind2=" ">
    <subfield code="a">text</subfield>
    <subfield code="b">txt</subfield>
    <subfield code="2">rdacontent</subfield>
  </datafield>
  <datafield tag="337" ind1=" " ind2=" ">
    <subfield code="a">unmediated</subfield>
    <subfield code="b">n</subfield>
    <subfield code="2">rdamedia</subfield>
  </datafield>
  <datafield tag="338" ind1=" " ind2=" ">
    <subfield code="a">volume</subfield>
    <subfield code="b">nc</subfield>
    <subfield code="2">rdacarrier</subfield>
  </datafield>
  <datafield tag="504" ind1=" " ind2=" ">
    <subfield code="a">Includes bibliographical references (pages125-126)  and index.</subfield>
  </datafield>
  <datafield tag="505" ind1="0" ind2=" ">
    <subfield code="a">Lagrangian dynamics -- Noether&apos;s theorem -- Hamiltonian formulation -- Hamilton&apos;s principle function -- Hamilton&apos;s characteristic function -- Action-angle variables -- Abstract transformation theory -- Poisson brackets -- Liouville&apos;s theorem -- Preturbation theory -- The Henon-Heiles oscillator -- Discrete maps -- Lyapunov exponents -- The Poincaré-Birkoff theorem -- The KAM theorem --  Ergodic hypothesis -- Measure theory.</subfield>
  </datafield>
  <datafield tag="520" ind1=" " ind2=" ">
    <subfield code="a">&quot;This elegant book presents a rigorous introduction to the theory of nonlinear mechanics and chaos. It turns out that many simple mechanical systems suffer from a peculiar pathology. They are deterministic in the sense that their motion can be described with partial differential equations, but these equations have no proper solutions and the behavior they describe can be wildly unpredictable. This is implicit in Newtonian physics, and although it was analyzed in the pioneering work of Poincaré in the 19th century, its full significance has only been realized since the advent of modern computing. This book follows this development in the context of classical mechanics as it is usually taught in most graduate programs in physics. It starts with the seminal work of Laplace, Hamilton, and Liouville in the early 19th century and shows how their formulation of mechanics inevitably leads to systems that cannot be &quot;solved&quot; in the usual sense of the word. It then discusses perturbation theory which, rather than providing approximate solutions, fails catastrophically due to the problem of small denominators. It then goes on to describe chaotic motion using the tools of discrete maps and Poincaré sections. This leads to the two great landmarks of chaos theory, the Poincaré-Birkoff theorem and the so-called KAM theorem, one of the signal results in modern mathematics. The book concludes with an appendix discussing the relevance of the KAM theorem to the ergodic hypothesis and the second law of thermodynamics&quot;--</subfield>
    <subfield code="c">Provided by publisher.</subfield>
  </datafield>
  <datafield tag="650" ind1=" " ind2="0">
    <subfield code="a">Nonlinear mechanics.</subfield>
  </datafield>
  <datafield tag="650" ind1=" " ind2="0">
    <subfield code="a">Nonlinear systems.</subfield>
  </datafield>
  <datafield tag="650" ind1=" " ind2="0">
    <subfield code="a">Chaotic behavior in systems.</subfield>
  </datafield>
  <datafield tag="985" ind1=" " ind2=" ">
    <subfield code="a">OUCIP</subfield>
    <subfield code="d">2016-02-22</subfield>
  </datafield>
</record>