
<record>
  <leader>02116cam a22003497a 4500</leader>
  <controlfield tag="001">18985382</controlfield>
  <controlfield tag="005">20200103121002.0</controlfield>
  <controlfield tag="008">160222s2015    coua     c    000 0 eng  </controlfield>
  <datafield tag="906" ind1=" " ind2=" ">
    <subfield code="a">7</subfield>
    <subfield code="b">cbc</subfield>
    <subfield code="c">origres</subfield>
    <subfield code="d">2</subfield>
    <subfield code="e">ncip</subfield>
    <subfield code="f">20</subfield>
    <subfield code="g">y-gencatlg</subfield>
  </datafield>
  <datafield tag="925" ind1="0" ind2=" ">
    <subfield code="a">acquire</subfield>
    <subfield code="b">1 shelf copy</subfield>
    <subfield code="x">policy default</subfield>
  </datafield>
  <datafield tag="955" ind1=" " ind2=" ">
    <subfield code="b">rk11 2016-02-22 z-processor</subfield>
    <subfield code="i">rk11 2016-02-22 to CALM</subfield>
  </datafield>
  <datafield tag="010" ind1=" " ind2=" ">
    <subfield code="a">  2015510126</subfield>
  </datafield>
  <datafield tag="020" ind1=" " ind2=" ">
    <subfield code="a">9780914738145</subfield>
  </datafield>
  <datafield tag="020" ind1=" " ind2=" ">
    <subfield code="a">0914738143</subfield>
  </datafield>
  <datafield tag="040" ind1=" " ind2=" ">
    <subfield code="a">DLC</subfield>
    <subfield code="c">DLC</subfield>
    <subfield code="d">DLC</subfield>
  </datafield>
  <datafield tag="043" ind1=" " ind2=" ">
    <subfield code="a">n-us-co</subfield>
  </datafield>
  <datafield tag="050" ind1="0" ind2="0">
    <subfield code="a">N7680</subfield>
    <subfield code="b">.D46 2015</subfield>
  </datafield>
  <datafield tag="110" ind1="2" ind2=" ">
    <subfield code="a">Denver Art Museum.</subfield>
  </datafield>
  <datafield tag="245" ind1="1" ind2="2">
    <subfield code="a">A field guide to flowers at the Denver Art Museum.</subfield>
  </datafield>
  <datafield tag="246" ind1="3" ind2="0">
    <subfield code="a">Flowers at the Denver Art Museum</subfield>
  </datafield>
  <datafield tag="246" ind1="1" ind2=" ">
    <subfield code="i">Published in conjunction with the exhibition:</subfield>
    <subfield code="a">Arrangements</subfield>
  </datafield>
  <datafield tag="246" ind1="1" ind2=" ">
    <subfield code="i">Published in conjunction with the exhibition:</subfield>
    <subfield code="a">In bloom :</subfield>
    <subfield code="b">painting flowers in the age of Impressionism</subfield>
  </datafield>
  <datafield tag="260" ind1=" " ind2=" ">
    <subfield code="a">Denver, Colorado :</subfield>
    <subfield code="b">Denver Art Museum,</subfield>
    <subfield code="c">©2015.</subfield>
  </datafield>
  <datafield tag="300" ind1=" " ind2=" ">
    <subfield code="a">1 v. (unpaged) :</subfield>
    <subfield code="b">col. ill. ;</subfield>
    <subfield code="c">19 cm.</subfield>
  </datafield>
  <datafield tag="520" ind1=" " ind2=" ">
    <subfield code="a">&quot;A diverse sampling of flowers from the Denver Art Museum&apos;s collections to inspire and delight&quot;--Back cover.</subfield>
  </datafield>
  <datafield tag="500" ind1=" " ind2=" ">
    <subfield code="a">&quot;Arrangements of flower-themed artwork ... on view throughout the Denver Art Museum ... as part of the campus-wide celebration of flowers and in conjunction with In Bloom: Painting Flowers in the Age of Impressionism [exhibition]. These installations highlight the DAM&apos;s vast and varied collections by spotlighting groupings of artworks from all over the world and across time that embrace the flower as subject matter&quot;--Museum website.</subfield>
  </datafield>
  <datafield tag="500" ind1=" " ind2=" ">
    <subfield code="a">Published in conjunction with two Denver Art Museum exhibitions: Arrangements (1 June-11 October 2015) and In Bloom: Painting Flowers in the Age of Impressionism (19 July-11 October 2015).</subfield>
  </datafield>
  <datafield tag="650" ind1=" " ind2="0">
    <subfield code="a">Flowers in art</subfield>
    <subfield code="v">Exhibitions.</subfield>
  </datafield>
  <datafield tag="650" ind1=" " ind2="0">
    <subfield code="a">Art</subfield>
    <subfield code="z">Colorado</subfield>
    <subfield code="z">Denver</subfield>
    <subfield code="v">Exhibitions.</subfield>
  </datafield>
  <datafield tag="610" ind1="2" ind2="0">
    <subfield code="a">Denver Art Museum</subfield>
    <subfield code="v">Exhibitions.</subfield>
  </datafield>
  <datafield tag="856" ind1="4" ind2=" ">
    <subfield code="z">Online access to museum homepage:</subfield>
    <subfield code="u">http://denverartmuseum.org/</subfield>
  </datafield>
  <datafield tag="856" ind1="4" ind2=" ">
    <subfield code="z">&quot;To see full images of artworks shown in detail in this book and to learn more about the objects, visit:&quot;</subfield>
    <subfield code="u">http://denverartmuseum.org/flowerguide</subfield>
  </datafield>
</record>