
<record>
  <leader>02558cam a22003617i 4500</leader>
  <controlfield tag="001">18989196</controlfield>
  <controlfield tag="005">20200103121003.0</controlfield>
  <controlfield tag="008">160224s2015    sz ab         000 0 eng  </controlfield>
  <datafield tag="906" ind1=" " ind2=" ">
    <subfield code="a">7</subfield>
    <subfield code="b">cbc</subfield>
    <subfield code="c">origres</subfield>
    <subfield code="d">2</subfield>
    <subfield code="e">ncip</subfield>
    <subfield code="f">20</subfield>
    <subfield code="g">y-gencatlg</subfield>
  </datafield>
  <datafield tag="925" ind1="0" ind2=" ">
    <subfield code="a">acquire</subfield>
    <subfield code="b">1 shelf copy</subfield>
    <subfield code="x">policy default</subfield>
  </datafield>
  <datafield tag="955" ind1=" " ind2=" ">
    <subfield code="b">rk11 2016-02-24 z-processor</subfield>
    <subfield code="i">rk11 2016-02-26 to Dewey</subfield>
    <subfield code="w">xm07 2016-03-08</subfield>
  </datafield>
  <datafield tag="010" ind1=" " ind2=" ">
    <subfield code="a">  2015510125</subfield>
  </datafield>
  <datafield tag="020" ind1=" " ind2=" ">
    <subfield code="a">9783034314299</subfield>
  </datafield>
  <datafield tag="020" ind1=" " ind2=" ">
    <subfield code="a">3034314299</subfield>
  </datafield>
  <datafield tag="040" ind1=" " ind2=" ">
    <subfield code="a">DLC</subfield>
    <subfield code="b">eng</subfield>
    <subfield code="e">rda</subfield>
    <subfield code="c">DLC</subfield>
    <subfield code="d">DLC</subfield>
  </datafield>
  <datafield tag="041" ind1="0" ind2=" ">
    <subfield code="a">eng</subfield>
    <subfield code="a">fre</subfield>
    <subfield code="a">ger</subfield>
    <subfield code="a">spa</subfield>
  </datafield>
  <datafield tag="043" ind1=" " ind2=" ">
    <subfield code="a">e-sp---</subfield>
  </datafield>
  <datafield tag="050" ind1="0" ind2="0">
    <subfield code="a">NA5811.S46</subfield>
    <subfield code="b">S25 2015</subfield>
  </datafield>
  <datafield tag="082" ind1="0" ind2="0">
    <subfield code="a">726.60946/11</subfield>
    <subfield code="2">23</subfield>
  </datafield>
  <datafield tag="245" ind1="0" ind2="0">
    <subfield code="a">Santiago de Compostela :</subfield>
    <subfield code="b">Pilgerarchitektur und bildliche Repräsentation in neuer Perspektive = Santiago de Compostela : pilgrims architecture and visual representation in a new perspective = Santiago de Compostela : arquitectura de peregrinación y representaciones iconológicas desde una nueva perspectiva /</subfield>
    <subfield code="c">herausgegeben von Bernd Nicolai, Klaus Rheidt.</subfield>
  </datafield>
  <datafield tag="264" ind1=" " ind2="1">
    <subfield code="a">Bern ;</subfield>
    <subfield code="a">New York :</subfield>
    <subfield code="b">Peter Lang,</subfield>
    <subfield code="c">[2015]</subfield>
  </datafield>
  <datafield tag="300" ind1=" " ind2=" ">
    <subfield code="a">430 pages :</subfield>
    <subfield code="b">illustrations, maps ;</subfield>
    <subfield code="c">31 cm</subfield>
  </datafield>
  <datafield tag="336" ind1=" " ind2=" ">
    <subfield code="a">text</subfield>
    <subfield code="b">txt</subfield>
    <subfield code="2">rdacontent</subfield>
  </datafield>
  <datafield tag="336" ind1=" " ind2=" ">
    <subfield code="a">still image</subfield>
    <subfield code="2">rdacontent</subfield>
  </datafield>
  <datafield tag="337" ind1=" " ind2=" ">
    <subfield code="a">unmediated</subfield>
    <subfield code="b">n</subfield>
    <subfield code="2">rdamedia</subfield>
  </datafield>
  <datafield tag="338" ind1=" " ind2=" ">
    <subfield code="a">volume</subfield>
    <subfield code="b">nc</subfield>
    <subfield code="2">rdacarrier</subfield>
  </datafield>
  <datafield tag="546" ind1=" " ind2=" ">
    <subfield code="a">Contributions in English, French, German and Spanish.</subfield>
  </datafield>
  <datafield tag="520" ind1="8" ind2=" ">
    <subfield code="a">Die Kathedrale von Santiago de Compostela, als Ziel und Höhepunkt der Pilgerwege zum Jakobsgrab, darf heute mehr denn je Aufmerksamkeit beanspruchen, nicht nur als Ziel des Jakobsweges, sondern vor allem als architektonische und kulturgeschichtliche Quelle. Das mehrjährige Forschungsprojekt von Bernd Nicolai, Universität Bern und Klaus Rheidt, Universität Cottbus, Die Kathedrale von Santiago de Compostela - Gestalt, Funktion und Programm, das den Bau und seinen architektur- und kunstgeschichtlichen Kontext von Grund auf neu untersucht, legt hier eine Zwischenbilanz vor. Der Band präsentiert erstmalig Ergebnisse zu Bauverlauf und Ausstattung auf der Basis einer neuen Bauforschung, Baugeschichte und Quellenanalyse und konfrontiert sie mit aktuellen internationalen Forschungen in Spanien, den USA, der Schweiz, Deutschland, England und Frankreich zum Themenbereich der Pilgerstrassenarchitektur und -skulptur.</subfield>
  </datafield>
  <datafield tag="610" ind1="2" ind2="0">
    <subfield code="a">Catedral de Santiago de Compostela.</subfield>
  </datafield>
  <datafield tag="650" ind1=" " ind2="0">
    <subfield code="a">Christian art and symbolism</subfield>
    <subfield code="z">Spain</subfield>
    <subfield code="z">Santiago de Compostela</subfield>
    <subfield code="y">Medieval, 500-1500.</subfield>
  </datafield>
  <datafield tag="651" ind1=" " ind2="0">
    <subfield code="a">Santiago de Compostela (Spain)</subfield>
    <subfield code="x">Buildings, structures, etc.</subfield>
  </datafield>
  <datafield tag="700" ind1="1" ind2=" ">
    <subfield code="a">Nicolai, Bernd,</subfield>
    <subfield code="d">1957-</subfield>
    <subfield code="e">editor.</subfield>
  </datafield>
  <datafield tag="700" ind1="1" ind2=" ">
    <subfield code="a">Rheidt, Klaus,</subfield>
    <subfield code="e">editor.</subfield>
  </datafield>
</record>