
<record>
  <leader>01782cam a22003617i 4500</leader>
  <controlfield tag="001">18991507</controlfield>
  <controlfield tag="005">20200103121004.0</controlfield>
  <controlfield tag="008">160226s2015    mauab    bc   000 0 eng c</controlfield>
  <datafield tag="906" ind1=" " ind2=" ">
    <subfield code="a">7</subfield>
    <subfield code="b">cbc</subfield>
    <subfield code="c">pccadap</subfield>
    <subfield code="d">2</subfield>
    <subfield code="e">ncip</subfield>
    <subfield code="f">20</subfield>
    <subfield code="g">y-gencatlg</subfield>
  </datafield>
  <datafield tag="925" ind1="0" ind2=" ">
    <subfield code="a">acquire</subfield>
    <subfield code="b">1 shelf copy</subfield>
    <subfield code="x">policy default</subfield>
  </datafield>
  <datafield tag="955" ind1=" " ind2=" ">
    <subfield code="b">rk11 2016-02-26 z-processor</subfield>
    <subfield code="i">rk11 2016-02-26 to Dewey</subfield>
    <subfield code="w">xm09 2016-04-06</subfield>
  </datafield>
  <datafield tag="010" ind1=" " ind2=" ">
    <subfield code="a">  2015510124</subfield>
  </datafield>
  <datafield tag="020" ind1=" " ind2=" ">
    <subfield code="a">1907372865</subfield>
  </datafield>
  <datafield tag="020" ind1=" " ind2=" ">
    <subfield code="a">9781907372865</subfield>
  </datafield>
  <datafield tag="035" ind1=" " ind2=" ">
    <subfield code="a">(OCoLC)ocn910088292</subfield>
  </datafield>
  <datafield tag="040" ind1=" " ind2=" ">
    <subfield code="a">YDXCP</subfield>
    <subfield code="b">eng</subfield>
    <subfield code="e">rda</subfield>
    <subfield code="c">YDXCP</subfield>
    <subfield code="d">BTCTA</subfield>
    <subfield code="d">BDX</subfield>
    <subfield code="d">OCLCQ</subfield>
    <subfield code="d">FXM</subfield>
    <subfield code="d">OCLCF</subfield>
    <subfield code="d">NLGGC</subfield>
    <subfield code="d">EYM</subfield>
    <subfield code="d">PUL</subfield>
    <subfield code="d">ZCU</subfield>
    <subfield code="d">DLC</subfield>
  </datafield>
  <datafield tag="050" ind1="0" ind2="0">
    <subfield code="a">ND623.C9</subfield>
    <subfield code="b">A4 2015</subfield>
  </datafield>
  <datafield tag="082" ind1="0" ind2="0">
    <subfield code="a">759.5</subfield>
    <subfield code="2">23</subfield>
  </datafield>
  <datafield tag="245" ind1="0" ind2="0">
    <subfield code="a">Ornament &amp; illusion :</subfield>
    <subfield code="b">Carlo Crivelli of Venice /</subfield>
    <subfield code="c">edited by Stephen J. Campbell ; with essays by C. Jean Campbell, Stephen J. Campbell, Francesco de Carolis, Thomas Golsenne, Gianfranco Pocobene, Oliver Tostmann, Alison Wright.</subfield>
  </datafield>
  <datafield tag="246" ind1="3" ind2=" ">
    <subfield code="a">Ornament and illusion</subfield>
  </datafield>
  <datafield tag="264" ind1=" " ind2="1">
    <subfield code="a">Boston :</subfield>
    <subfield code="b">Isabella Stewart Gardner Museum ;</subfield>
    <subfield code="a">London :</subfield>
    <subfield code="b">Paul Holberton Publishing,</subfield>
    <subfield code="c">2015.</subfield>
  </datafield>
  <datafield tag="300" ind1=" " ind2=" ">
    <subfield code="a">231 pages :</subfield>
    <subfield code="b">illustrations (chiefly color), color map ;</subfield>
    <subfield code="c">28 cm</subfield>
  </datafield>
  <datafield tag="336" ind1=" " ind2=" ">
    <subfield code="a">text</subfield>
    <subfield code="b">txt</subfield>
    <subfield code="2">rdacontent</subfield>
  </datafield>
  <datafield tag="336" ind1=" " ind2=" ">
    <subfield code="a">still image</subfield>
    <subfield code="b">sti</subfield>
    <subfield code="2">rdacontent</subfield>
  </datafield>
  <datafield tag="337" ind1=" " ind2=" ">
    <subfield code="a">unmediated</subfield>
    <subfield code="b">n</subfield>
    <subfield code="2">rdamedia</subfield>
  </datafield>
  <datafield tag="338" ind1=" " ind2=" ">
    <subfield code="a">volume</subfield>
    <subfield code="b">nc</subfield>
    <subfield code="2">rdacarrier</subfield>
  </datafield>
  <datafield tag="500" ind1=" " ind2=" ">
    <subfield code="a">Catalog of an exhibition held at the Isabella Stewart Gardner Museum, Boston, October 22, 2015-January 25, 2016.</subfield>
  </datafield>
  <datafield tag="504" ind1=" " ind2=" ">
    <subfield code="a">Includes bibliographical references (pages 216-230).</subfield>
  </datafield>
  <datafield tag="600" ind1="1" ind2="0">
    <subfield code="a">Crivelli, Carlo,</subfield>
    <subfield code="d">active 15th century</subfield>
    <subfield code="v">Exhibitions.</subfield>
  </datafield>
  <datafield tag="700" ind1="1" ind2=" ">
    <subfield code="a">Campbell, Stephen J.</subfield>
    <subfield code="q">(Stephen John),</subfield>
    <subfield code="d">1963-</subfield>
    <subfield code="e">editor.</subfield>
  </datafield>
  <datafield tag="700" ind1="1" ind2=" ">
    <subfield code="a">Campbell, C. Jean,</subfield>
    <subfield code="d">1960-</subfield>
    <subfield code="e">author.</subfield>
  </datafield>
  <datafield tag="700" ind1="1" ind2="2">
    <subfield code="a">Crivelli, Carlo,</subfield>
    <subfield code="d">active 15th century.</subfield>
    <subfield code="t">Paintings.</subfield>
    <subfield code="k">Selections.</subfield>
  </datafield>
  <datafield tag="710" ind1="2" ind2=" ">
    <subfield code="a">Isabella Stewart Gardner Museum,</subfield>
    <subfield code="e">organizer,</subfield>
    <subfield code="e">host institution.</subfield>
  </datafield>
</record>