
<record>
  <leader>03537cam a22003617i 4500</leader>
  <controlfield tag="001">18993056</controlfield>
  <controlfield tag="005">20200103121014.0</controlfield>
  <controlfield tag="008">160219s2015    au ab    b    000 0 ger  </controlfield>
  <datafield tag="906" ind1=" " ind2=" ">
    <subfield code="a">7</subfield>
    <subfield code="b">cbc</subfield>
    <subfield code="c">origres</subfield>
    <subfield code="d">3</subfield>
    <subfield code="e">ncip</subfield>
    <subfield code="f">20</subfield>
    <subfield code="g">y-gencatlg</subfield>
  </datafield>
  <datafield tag="925" ind1="0" ind2=" ">
    <subfield code="a">acquire</subfield>
    <subfield code="b">1 shelf copy</subfield>
    <subfield code="x">policy default</subfield>
  </datafield>
  <datafield tag="955" ind1=" " ind2=" ">
    <subfield code="b">ff70 2016-03-24 Telework</subfield>
    <subfield code="a">ff00 2016-03-25 to GS/SBCG</subfield>
    <subfield code="i">ff72 2016-03-30</subfield>
  </datafield>
  <datafield tag="010" ind1=" " ind2=" ">
    <subfield code="a">  2016370497</subfield>
  </datafield>
  <datafield tag="020" ind1=" " ind2=" ">
    <subfield code="a">9783700319290 (pbk.)</subfield>
  </datafield>
  <datafield tag="020" ind1=" " ind2=" ">
    <subfield code="a">3700319290 (pbk.)</subfield>
  </datafield>
  <datafield tag="040" ind1=" " ind2=" ">
    <subfield code="a">DLC</subfield>
    <subfield code="b">eng</subfield>
    <subfield code="c">DLC</subfield>
    <subfield code="e">rda</subfield>
  </datafield>
  <datafield tag="043" ind1=" " ind2=" ">
    <subfield code="a">e-au---</subfield>
  </datafield>
  <datafield tag="050" ind1="0" ind2="0">
    <subfield code="a">DB785.O86</subfield>
    <subfield code="b">I417 2015</subfield>
  </datafield>
  <datafield tag="245" ind1="0" ind2="0">
    <subfield code="a">Im Reich des Ötschers :</subfield>
    <subfield code="b">zur Vielfalt einer Region /</subfield>
    <subfield code="c">herausgegeben von Ernst Bruckmüller ; unter Mitarbeit von Andrea Schnöller und Hannes Stekl.</subfield>
  </datafield>
  <datafield tag="264" ind1=" " ind2="1">
    <subfield code="a">Wien :</subfield>
    <subfield code="b">NAP, New Academic Press,</subfield>
    <subfield code="c">2015.</subfield>
  </datafield>
  <datafield tag="300" ind1=" " ind2=" ">
    <subfield code="a">364 pages :</subfield>
    <subfield code="b">illustrations (some color), maps ;</subfield>
    <subfield code="c">21 cm.</subfield>
  </datafield>
  <datafield tag="336" ind1=" " ind2=" ">
    <subfield code="a">text</subfield>
    <subfield code="2">rdacontent</subfield>
  </datafield>
  <datafield tag="337" ind1=" " ind2=" ">
    <subfield code="a">unmediated</subfield>
    <subfield code="2">rdamedia</subfield>
  </datafield>
  <datafield tag="338" ind1=" " ind2=" ">
    <subfield code="a">volume</subfield>
    <subfield code="2">rdacarrier</subfield>
  </datafield>
  <datafield tag="490" ind1="0" ind2=" ">
    <subfield code="a">Austriaca</subfield>
  </datafield>
  <datafield tag="504" ind1=" " ind2=" ">
    <subfield code="a">Includes bibliographical references.</subfield>
  </datafield>
  <datafield tag="505" ind1="0" ind2="0">
    <subfield code="t">Faszination Ötscher /</subfield>
    <subfield code="r">Ernst Bruckmüller --</subfield>
    <subfield code="t">Unterwegs in der Ötscher-Region : zur Niederösterreichischen Landesausstellung 2015 /</subfield>
    <subfield code="r">Beat Gugger, Gerhard Proksch --</subfield>
    <subfield code="t">Kulturvermittlung bei der Niederösterreichischen Landesausstellung 2015 Ötscher : Reich : die Alpen und wir /</subfield>
    <subfield code="r">Birgit Stransky --</subfield>
    <subfield code="t">Gegenwart und Zukunft der Ötscherregion im alpenweiten Vergleich /</subfield>
    <subfield code="r">Werner Bätzing --</subfield>
    <subfield code="t">Die Ötscherregion im Mittelalter bis zur Gründung der Kartause Gaming /</subfield>
    <subfield code="r">Markus Jeitler --</subfield>
    <subfield code="t">Von der Widmung zum Wettbewerb : der Scheibbser Eisen- und Proviantbezirk vom 17. bis zum 19. Jahrhundert /</subfield>
    <subfield code="r">Roman Sandgruber --</subfield>
    <subfield code="t">Zwischen Tradition und Fortschritt : Andreas Töpper : vom gloriosen Hammerherrn zum entmythifizierten Eisenindustriellen /</subfield>
    <subfield code="r">Andreas Kusternig --</subfield>
    <subfield code="t">Trift auf der Grossen Erlauf /</subfield>
    <subfield code="r">Hildegard Wiesenhofer, Franz Wiesenhofer --</subfield>
    <subfield code="t">Vom Geheimprotestantismus zur Toleranz im Ötschergebiet /</subfield>
    <subfield code="r">Herbert Krückel --</subfield>
    <subfield code="t">Grossbürgerliches Jagdvergnügen oder : wie die Rothschild und Kupelwieser ins Ötschergebiet kamen /</subfield>
    <subfield code="r">Ernst Bruckmüller --</subfield>
    <subfield code="t">Wirtschaften mit Otscherblick : Bäuerliches Arbeiten und Leben in den niederösterreichischen Voralpen im Übergang /</subfield>
    <subfield code="r">Ernst Langthaler --</subfield>
    <subfield code="t">Mariazeller Wallfahrten /</subfield>
    <subfield code="r">Christian Stadelmann --</subfield>
    <subfield code="t">Eine Eisenbahn, nicht ganz bis Mariazell, aber darüber hinaus /</subfield>
    <subfield code="r">Hermann Möcker --</subfield>
    <subfield code="t">Wilhelm Albert Schleicher und sein Kreis /</subfield>
    <subfield code="r">Hans Hagen Hottenroth --</subfield>
    <subfield code="t">Der Otscher und seine Umgebung in der Landschaftskunst des 19. Jahrhunderts /</subfield>
    <subfield code="r">Werner Telesko --</subfield>
    <subfield code="t">Zwei Scheibbser in New York oder : die erstaunliche Karriere der Scheibbser Keramik /</subfield>
    <subfield code="r">Johanna Hottenroth --</subfield>
    <subfield code="t">Die jüdischen Landsleute im Ötscher:Reich und in seinem Umland /</subfield>
    <subfield code="r">Johannes Kammerstätter --</subfield>
    <subfield code="t">Leben und Werk der Lunzer Schriftstellerin Elisabeth Kraus-Kassegg (1898-1989) /</subfield>
    <subfield code="r">Berti Sonnleitner --</subfield>
    <subfield code="t">BU-RI-WE-WI-WO : fünf &quot;Hidden Champions&quot; aus dem Otscherland /</subfield>
    <subfield code="r">Charlotte Natmessnig, Andreas Resch --</subfield>
    <subfield code="t">Die demographische und wirtschaftliche Entwicklung der Leader-Region Kulturpark Eisenstrasse-Ötscherland /</subfield>
    <subfield code="r">Ramon Bauer, Elisabeth Gruber, Martin Heintel --</subfield>
    <subfield code="g">Autorinnen, Autoren, Mitarbeitende --</subfield>
    <subfield code="g">Bildnachweis.</subfield>
  </datafield>
  <datafield tag="651" ind1=" " ind2="0">
    <subfield code="a">Ötscher Mountain Region (Austria)</subfield>
    <subfield code="x">History.</subfield>
  </datafield>
  <datafield tag="651" ind1=" " ind2="0">
    <subfield code="a">Ötscher Mountain Region (Austria)</subfield>
    <subfield code="x">Description and travel.</subfield>
  </datafield>
  <datafield tag="651" ind1=" " ind2="0">
    <subfield code="a">Lower Austria (Austria)</subfield>
    <subfield code="x">History.</subfield>
  </datafield>
  <datafield tag="651" ind1=" " ind2="0">
    <subfield code="a">Lower Austria (Austria)</subfield>
    <subfield code="x">Description and travel.</subfield>
  </datafield>
  <datafield tag="700" ind1="1" ind2=" ">
    <subfield code="a">Bruckmüller, Ernst,</subfield>
    <subfield code="e">editor.</subfield>
  </datafield>
  <datafield tag="923" ind1=" " ind2=" ">
    <subfield code="d">20160222</subfield>
    <subfield code="n">0399906</subfield>
    <subfield code="s">GyWOH</subfield>
  </datafield>
  <datafield tag="985" ind1=" " ind2=" ">
    <subfield code="e">VENDOR LOAD</subfield>
  </datafield>
</record>