
<record>
  <leader>03153cam a22004097i 4500</leader>
  <controlfield tag="001">18994766</controlfield>
  <controlfield tag="005">20200103121014.0</controlfield>
  <controlfield tag="008">160229s2015    be abe   b    100 0 eng c</controlfield>
  <datafield tag="906" ind1=" " ind2=" ">
    <subfield code="a">7</subfield>
    <subfield code="b">cbc</subfield>
    <subfield code="c">pccadap</subfield>
    <subfield code="d">2</subfield>
    <subfield code="e">ncip</subfield>
    <subfield code="f">20</subfield>
    <subfield code="g">y-gencatlg</subfield>
  </datafield>
  <datafield tag="925" ind1="0" ind2=" ">
    <subfield code="a">acquire</subfield>
    <subfield code="b">1 shelf copy</subfield>
    <subfield code="x">policy default</subfield>
  </datafield>
  <datafield tag="955" ind1=" " ind2=" ">
    <subfield code="b">BD25 2016-02-29 z-processor;</subfield>
    <subfield code="i">bd19 2017-06-05 (overtime);</subfield>
    <subfield code="e">bd19 2017-06-08 to Dewey (overtime)</subfield>
    <subfield code="w">xm09 2017-06-15</subfield>
  </datafield>
  <datafield tag="010" ind1=" " ind2=" ">
    <subfield code="a">  2016373296</subfield>
  </datafield>
  <datafield tag="020" ind1=" " ind2=" ">
    <subfield code="a">9789042930629 (cl.)</subfield>
  </datafield>
  <datafield tag="020" ind1=" " ind2=" ">
    <subfield code="a">9042930624 (cl.)</subfield>
  </datafield>
  <datafield tag="024" ind1="3" ind2=" ">
    <subfield code="a">9789042930629</subfield>
  </datafield>
  <datafield tag="035" ind1=" " ind2=" ">
    <subfield code="a">(OCoLC)ocn929457066</subfield>
  </datafield>
  <datafield tag="040" ind1=" " ind2=" ">
    <subfield code="a">OHX</subfield>
    <subfield code="b">eng</subfield>
    <subfield code="c">OHX</subfield>
    <subfield code="e">rda</subfield>
    <subfield code="d">OCLCO</subfield>
    <subfield code="d">YDXCP</subfield>
    <subfield code="d">BTCTA</subfield>
    <subfield code="d">ERASA</subfield>
    <subfield code="d">AZS</subfield>
    <subfield code="d">DLC</subfield>
  </datafield>
  <datafield tag="043" ind1=" " ind2=" ">
    <subfield code="a">a-tu---</subfield>
  </datafield>
  <datafield tag="050" ind1="0" ind2="0">
    <subfield code="a">DR725</subfield>
    <subfield code="b">.I87 2015</subfield>
  </datafield>
  <datafield tag="072" ind1=" " ind2="7">
    <subfield code="a">DS</subfield>
    <subfield code="2">lcco</subfield>
  </datafield>
  <datafield tag="082" ind1="0" ind2="0">
    <subfield code="a">939/.8618</subfield>
    <subfield code="2">23</subfield>
  </datafield>
  <datafield tag="245" ind1="0" ind2="0">
    <subfield code="a">Istanbul and water /</subfield>
    <subfield code="c">edited by Paul Magdalino and Nina Ergin.</subfield>
  </datafield>
  <datafield tag="264" ind1=" " ind2="1">
    <subfield code="a">Leuven :</subfield>
    <subfield code="b">Peeters,</subfield>
    <subfield code="c">2015.</subfield>
  </datafield>
  <datafield tag="300" ind1=" " ind2=" ">
    <subfield code="a">x, 274 pages :</subfield>
    <subfield code="b">illustrations (some color), maps (some color), plans ;</subfield>
    <subfield code="c">31 cm.</subfield>
  </datafield>
  <datafield tag="490" ind1="1" ind2=" ">
    <subfield code="a">Ancient Near Eastern studies. Supplement ;</subfield>
    <subfield code="v">47</subfield>
  </datafield>
  <datafield tag="500" ind1=" " ind2=" ">
    <subfield code="a">International conference proceedings.</subfield>
  </datafield>
  <datafield tag="504" ind1=" " ind2=" ">
    <subfield code="a">Includes bibliographical references.</subfield>
  </datafield>
  <datafield tag="505" ind1="0" ind2=" ">
    <subfield code="a">Introduction / Paul Magdalino -- The Yeni̇kapi excavations, The Riverine and Lacustrine settings along the Sea of Marmara as the habitat of neolithic settlements / Mehmet Özdoğan -- A Holocene-aged swamp area in Yeni̇kapi-Istanbul and its relation to the neighboring neolithic settlement / M. Namık Yalc̦in [and three others] -- Of harbors and trees : the Marmaray contribution to a 2367-year oak-tree-ring chronology from 97 sites for the Aegean, East Mediterranean, and Black seas / Peter Ian Kuniholm [and three others] -- A middle-Byzantine-period cargo vessel from the Yeni̇kapi excavations in Istanbul : a preliminary analysis / Michael R. Jones -- The distribution and consumption of water in Byzantine times, Water and the creation of a new capital / James Crow -- Thermae, Balnea/Loutra, Hamams : the baths of Constantinople / Marlia Mundell Mango -- Holy springs and pools in Byzantine Constantinople / Alice-Mary Talbot -- The social impact of water in Ottoman times, Water resources management and development in Ottoman Istanbul : the 1693 water survey and its aftermath / Deniz Karakaṣ -- &quot;So, we&apos;ll go no more a-roving&quot; : sailors, soldiers and their home-folk in seventeenth-century Istanbul / Rhoads Murphey -- The aesthetics of water, Dionysius &quot;Mythistoricus&quot; : story-telling and history on the Bosphorus / Adrian Saunders -- The power of glittering materiality : mirror reflections between poetry and architecture in Greek and Arabic medieval culture / Bissera V. Pentcheva.</subfield>
  </datafield>
  <datafield tag="650" ind1=" " ind2="0">
    <subfield code="a">Water use</subfield>
    <subfield code="z">Turkey</subfield>
    <subfield code="z">Istanbul</subfield>
    <subfield code="x">History</subfield>
    <subfield code="y">To 1500</subfield>
    <subfield code="v">Congresses.</subfield>
  </datafield>
  <datafield tag="650" ind1=" " ind2="0">
    <subfield code="a">Water</subfield>
    <subfield code="x">Social aspects</subfield>
    <subfield code="z">Turkey</subfield>
    <subfield code="z">Istanbul</subfield>
    <subfield code="v">Congresses.</subfield>
  </datafield>
  <datafield tag="651" ind1=" " ind2="0">
    <subfield code="a">Istanbul (Turkey)</subfield>
    <subfield code="x">Antiquities, Byzantine</subfield>
    <subfield code="v">Congresses.</subfield>
  </datafield>
  <datafield tag="651" ind1=" " ind2="0">
    <subfield code="a">Istanbul (Turkey)</subfield>
    <subfield code="x">History</subfield>
    <subfield code="y">To 1453</subfield>
    <subfield code="v">Congresses.</subfield>
  </datafield>
  <datafield tag="655" ind1=" " ind2="7">
    <subfield code="a">Conference papers and proceedings.</subfield>
    <subfield code="2">lcgft</subfield>
  </datafield>
  <datafield tag="700" ind1="1" ind2=" ">
    <subfield code="a">Magdalino, Paul,</subfield>
    <subfield code="e">editor.</subfield>
  </datafield>
  <datafield tag="700" ind1="1" ind2=" ">
    <subfield code="a">Ergin, Nina,</subfield>
    <subfield code="e">editor.</subfield>
  </datafield>
  <datafield tag="830" ind1=" " ind2="0">
    <subfield code="a">Ancient Near Eastern studies.</subfield>
    <subfield code="p">Supplement ;</subfield>
    <subfield code="v">47.</subfield>
  </datafield>
  <datafield tag="923" ind1=" " ind2=" ">
    <subfield code="d">20151120</subfield>
    <subfield code="n">50033962</subfield>
    <subfield code="s">V00009436</subfield>
  </datafield>
</record>