
<record>
  <leader>06929cam a22004337i 4500</leader>
  <controlfield tag="001">18999273</controlfield>
  <controlfield tag="005">20200103150601.0</controlfield>
  <controlfield tag="008">160303s2016    nju           001 0 eng  </controlfield>
  <datafield tag="906" ind1=" " ind2=" ">
    <subfield code="a">7</subfield>
    <subfield code="b">cbc</subfield>
    <subfield code="c">orignew</subfield>
    <subfield code="d">1</subfield>
    <subfield code="e">ecip</subfield>
    <subfield code="f">20</subfield>
    <subfield code="g">y-gencatlg</subfield>
  </datafield>
  <datafield tag="925" ind1="0" ind2=" ">
    <subfield code="a">acquire</subfield>
    <subfield code="b">2 shelf copies</subfield>
    <subfield code="x">Sel/rjc, 2017-03-06</subfield>
    <subfield code="e">claim1  2016-09-08</subfield>
  </datafield>
  <datafield tag="955" ind1=" " ind2=" ">
    <subfield code="b">rm13 2016-03-03</subfield>
    <subfield code="i">rm13 2016-03-03 ONIX (telework)</subfield>
    <subfield code="w">xm06 2013-03-03</subfield>
    <subfield code="a">xn11 2016-09-27 1 copy rec&apos;d., to CIP ver.</subfield>
    <subfield code="i">rm06 2016-11-03 to CALM</subfield>
    <subfield code="f">rm04 2017-03 -21 Copy 2 to BusRR</subfield>
  </datafield>
  <datafield tag="010" ind1=" " ind2=" ">
    <subfield code="a">  2016002841</subfield>
  </datafield>
  <datafield tag="020" ind1=" " ind2=" ">
    <subfield code="a">9781119042235 (hardback)</subfield>
  </datafield>
  <datafield tag="020" ind1=" " ind2=" ">
    <subfield code="z">9781119227441 (ePDF)</subfield>
  </datafield>
  <datafield tag="020" ind1=" " ind2=" ">
    <subfield code="z">9781119227458 (ePub)</subfield>
  </datafield>
  <datafield tag="020" ind1=" " ind2=" ">
    <subfield code="z">9781119268451 (obook)</subfield>
  </datafield>
  <datafield tag="020" ind1=" " ind2=" ">
    <subfield code="a">9781119042235</subfield>
  </datafield>
  <datafield tag="040" ind1=" " ind2=" ">
    <subfield code="a">DLC</subfield>
    <subfield code="b">eng</subfield>
    <subfield code="c">DLC</subfield>
    <subfield code="e">rda</subfield>
    <subfield code="d">DLC</subfield>
  </datafield>
  <datafield tag="050" ind1="0" ind2="0">
    <subfield code="a">HG4028.M4</subfield>
    <subfield code="b">W485 2016</subfield>
  </datafield>
  <datafield tag="082" ind1="0" ind2="0">
    <subfield code="a">658.1/62</subfield>
    <subfield code="2">23</subfield>
  </datafield>
  <datafield tag="084" ind1=" " ind2=" ">
    <subfield code="a">BUS015000</subfield>
    <subfield code="2">bisacsh</subfield>
  </datafield>
  <datafield tag="100" ind1="1" ind2=" ">
    <subfield code="a">Whitaker, Scott C.,</subfield>
    <subfield code="d">1963-</subfield>
  </datafield>
  <datafield tag="245" ind1="1" ind2="0">
    <subfield code="a">Cross-border mergers and acquisitions /</subfield>
    <subfield code="c">edited by Scott C. Whitaker.</subfield>
  </datafield>
  <datafield tag="264" ind1=" " ind2="1">
    <subfield code="a">Hoboken, New Jersey :</subfield>
    <subfield code="b">Wiley,</subfield>
    <subfield code="c">2016.</subfield>
  </datafield>
  <datafield tag="300" ind1=" " ind2=" ">
    <subfield code="a">xxii, 440 pages ;</subfield>
    <subfield code="c">24 cm.</subfield>
  </datafield>
  <datafield tag="336" ind1=" " ind2=" ">
    <subfield code="a">text</subfield>
    <subfield code="b">txt</subfield>
    <subfield code="2">rdacontent</subfield>
  </datafield>
  <datafield tag="337" ind1=" " ind2=" ">
    <subfield code="a">unmediated</subfield>
    <subfield code="b">n</subfield>
    <subfield code="2">rdamedia</subfield>
  </datafield>
  <datafield tag="338" ind1=" " ind2=" ">
    <subfield code="a">volume</subfield>
    <subfield code="b">nc</subfield>
    <subfield code="2">rdacarrier</subfield>
  </datafield>
  <datafield tag="490" ind1="0" ind2=" ">
    <subfield code="a">Wiley finance</subfield>
  </datafield>
  <datafield tag="500" ind1=" " ind2=" ">
    <subfield code="a">Includes index.</subfield>
  </datafield>
  <datafield tag="520" ind1=" " ind2=" ">
    <subfield code="a">&quot;Navigate cross border M&amp;#38;A for a flawless integration execution  Cross Border Mergers and Acquisitions is a practical toolbox for corporate strategy and development professionals dealing with the many challenges involved in cross border M&amp;#38;A. With a detailed discussion of key market specifics and broadly-applicable critical insight, this book demystifies the cross border M&amp;#38;A process and provides a host of practical tools that ease strategic implementation. A geographical overview explains the trends in major M&amp;#38;A markets including Australia, Brazil, China, Russia, the U.K., and the U.S., and industry-specific guidance covers Financial Services, Aerospace and Defense, Health Care, Tech, Manufacturing, and more. Leading experts relate lessons learned while managing actual PMI processes, and the discussion of cultural impacts and specific situational needs provides deep insight into the type of leadership a flawless integration requires.  Corporate restructuring and internationalization efforts are increasingly relying on cross border mergers and acquisitions. Strategies, motives, and consequences are a complex navigational minefield, but this insightful guide provides solid, actionable guidance for leading a successful integration.  Understand the region-specific details that make an impact  Overcome common challenges and manage complex deals  Gain practical insight and valuable tools for leading integration  Learn the most current best practices for PMI processes   Cross border M&amp;#38;A is complex, with myriad challenges and obstacles inherent to the situation. Successful integration and a smooth transition are critical, and there&apos;s little wiggle room--it&apos;s a situation where you have only one chance to get it right. Cross Border Mergers and Acquisitions is an essential guide to the process, with key tools for execution&quot;--</subfield>
    <subfield code="c">Provided by publisher.</subfield>
  </datafield>
  <datafield tag="520" ind1=" " ind2=" ">
    <subfield code="a">&quot;This book provides: - A geographical overview of key local specificities and trends in major M&amp;A markets: Australia, Benelux, Brazil, China, France, Germany, Africa, Indonesia, Israel, Nordic, Russia, U.K., and U.S. - An understanding of the most important specificities to deal with in some regions. - Guidance for global M&amp;A practitioners: PE firms, Investment Bankers, Corporations, Consultants, Professional Service Firms (e.g. Legal, Accounting). - Coverage for various industries including: Aerospace and Defense, Financial service (Banking, Insurance, Financial institutions), Construction and Civil Engineering, Telecommunications, High Tech, Health care (Pharma, Hospitals, Manufacturers, Service Providers) and Public institutions (Central Administrations, Public Agencies, Schools, Armies). - Understanding for cultural impacts to cross border transactions and integration. - Practical advice and tools from seasoned professionals who have collectively managed several hundred M&amp;A transactions (mergers, acquisitions, carve-outs, etc.). - Guidance for managing carve outs--one of the most complex and difficult aspects of cross border deals. - Greater visibility around critical path items that enable success in cross-border M&amp;A. - Practical know-how on leading integration efforts globally. - Examples of best practices and lessons learned of actual PMI processes that were led by top notch experts. - Examples of tools, templates, and processes for cross border PMI. - Country specific examples for readers with specific situational needs&quot;--</subfield>
    <subfield code="c">Provided by publisher.</subfield>
  </datafield>
  <datafield tag="505" ind1="8" ind2=" ">
    <subfield code="a">Machine generated contents note:  Preface About the Author About the Contributors Part I Cross-Border Strategy and Deal Planning 1 Cross-Border Deal Evolution and Rationale Gilles Ourvoie 2 Cross-Border M&amp;A Strategy and Deal Planning Essentials Michael Holm 3 Legal, Financial, Social, and Political Interdependencies with Cross-Border Integration Andrew Scola 4 Trends and Leading Practices in Global M&amp;A Thomas Kessler 5 Cross-Border M&amp;A: Region- and Country-Specific Trends and Deal Planning Tips Michael Holm Part II Cross-Border Culture and Leadership Alignment 6 Leading during Cross-Border M&amp;A Scott Whitaker 7 The Role of Culture in Cross-Border M&amp;A Christophe Van Gampelaere 8 Managing National Reactions and Sovereignty Issues Gilles Ourvoie Part III Cross-Border Integration, Planning, and Execution 9 Managing Pre-PMI Due Diligence Eitan Grosbard 10 Ramping Up an Integration Management Office and Day One in Cross-Border Deals Stefan Hofmeyer 11 Integration Decision Making and Process Strategy in Cross-Border Deals Stefan Hofmeyer 12 Post-Merger Integration Process, Methodologies, and Tools Thomas Kessler 13 Managing Post-Merger Integration Globally Eitan Grosbard 14 Country-Specific Trends and Tips for Integration Planning Christophe Van Gampelaere 15 M&amp;A and PMI Considerations for China and Japan Robert Ping Yu, Makoto Ideno, and Masaki Yamamoto 16 Cross-Border Synergy Program Management Michael Holm Part IV Unique Cross-Border M&amp;A Transaction Scenarios 17 Managing Carve-Outs and Transaction Service Agreements Andrew Scola 18 Joint Ventures Thomas Kessler Index.</subfield>
  </datafield>
  <datafield tag="650" ind1=" " ind2="0">
    <subfield code="a">Consolidation and merger of corporations.</subfield>
  </datafield>
  <datafield tag="650" ind1=" " ind2="7">
    <subfield code="a">BUSINESS &amp; ECONOMICS / Mergers &amp; Acquisitions.</subfield>
    <subfield code="2">bisacsh</subfield>
  </datafield>
  <datafield tag="776" ind1="0" ind2="8">
    <subfield code="i">Online version:</subfield>
    <subfield code="a">Whitaker, Scott C., 1963-</subfield>
    <subfield code="t">Cross-border mergers and acquisitions</subfield>
    <subfield code="d">Hoboken : Wiley, 2016</subfield>
    <subfield code="z">9781119227441</subfield>
    <subfield code="w">(DLC) 2016010996</subfield>
  </datafield>
  <datafield tag="856" ind1="4" ind2="2">
    <subfield code="3">Contributor biographical information</subfield>
    <subfield code="u">https://www.loc.gov/catdir/enhancements/fy1702/2016002841-b.html</subfield>
  </datafield>
  <datafield tag="856" ind1="4" ind2="2">
    <subfield code="3">Publisher description</subfield>
    <subfield code="u">https://www.loc.gov/catdir/enhancements/fy1702/2016002841-d.html</subfield>
  </datafield>
  <datafield tag="856" ind1="4" ind2="1">
    <subfield code="3">Table of contents only</subfield>
    <subfield code="u">https://www.loc.gov/catdir/enhancements/fy1702/2016002841-t.html</subfield>
  </datafield>
</record>