
<record>
  <leader>03846cam a22003617i 4500</leader>
  <controlfield tag="001">18999694</controlfield>
  <controlfield tag="005">20200103150602.0</controlfield>
  <controlfield tag="008">160303s2016    pau      b    000 0 eng  </controlfield>
  <datafield tag="906" ind1=" " ind2=" ">
    <subfield code="a">7</subfield>
    <subfield code="b">cbc</subfield>
    <subfield code="c">orignew</subfield>
    <subfield code="d">1</subfield>
    <subfield code="e">ecip</subfield>
    <subfield code="f">20</subfield>
    <subfield code="g">y-gencatlg</subfield>
  </datafield>
  <datafield tag="925" ind1="0" ind2=" ">
    <subfield code="a">acquire</subfield>
    <subfield code="b">1 shelf copy</subfield>
    <subfield code="x">policy default</subfield>
  </datafield>
  <datafield tag="955" ind1=" " ind2=" ">
    <subfield code="b">rm13 2016-03-03</subfield>
    <subfield code="i">rm13 2016-03-03 ONIX (telework)</subfield>
    <subfield code="w">xm07 2016-03-03</subfield>
    <subfield code="a">xn14 2016-06-15 1 copy rec&apos;d., to CIP ver.</subfield>
    <subfield code="f">rm06 2016-06-18 to BCCD OT</subfield>
  </datafield>
  <datafield tag="010" ind1=" " ind2=" ">
    <subfield code="a">  2016008708</subfield>
  </datafield>
  <datafield tag="020" ind1=" " ind2=" ">
    <subfield code="a">9781599474243 (paperback)</subfield>
  </datafield>
  <datafield tag="040" ind1=" " ind2=" ">
    <subfield code="a">DLC</subfield>
    <subfield code="b">eng</subfield>
    <subfield code="c">DLC</subfield>
    <subfield code="e">rda</subfield>
    <subfield code="d">DLC</subfield>
  </datafield>
  <datafield tag="050" ind1="0" ind2="0">
    <subfield code="a">BF637.S4</subfield>
    <subfield code="b">.W474 2016</subfield>
  </datafield>
  <datafield tag="082" ind1="0" ind2="0">
    <subfield code="a">646.70084/2</subfield>
    <subfield code="2">23</subfield>
  </datafield>
  <datafield tag="084" ind1=" " ind2=" ">
    <subfield code="a">SEL031000</subfield>
    <subfield code="a">SEL021000</subfield>
    <subfield code="a">SEL027000</subfield>
    <subfield code="2">bisacsh</subfield>
  </datafield>
  <datafield tag="100" ind1="1" ind2=" ">
    <subfield code="a">Whelan, Christine B.,</subfield>
    <subfield code="d">1977-</subfield>
    <subfield code="e">author.</subfield>
  </datafield>
  <datafield tag="245" ind1="1" ind2="4">
    <subfield code="a">The big picture :</subfield>
    <subfield code="b">a guide to finding your purpose in life /</subfield>
    <subfield code="c">Christine B. Whelan, Ph.D.</subfield>
  </datafield>
  <datafield tag="250" ind1=" " ind2=" ">
    <subfield code="a">First Edition.</subfield>
  </datafield>
  <datafield tag="264" ind1=" " ind2="1">
    <subfield code="a">West Conshohocken, PA :</subfield>
    <subfield code="b">Templeton Press,</subfield>
    <subfield code="c">[2016]</subfield>
  </datafield>
  <datafield tag="300" ind1=" " ind2=" ">
    <subfield code="a">xvi, 232 pages ;</subfield>
    <subfield code="c">23 cm</subfield>
  </datafield>
  <datafield tag="336" ind1=" " ind2=" ">
    <subfield code="a">text</subfield>
    <subfield code="b">txt</subfield>
    <subfield code="2">rdacontent</subfield>
  </datafield>
  <datafield tag="337" ind1=" " ind2=" ">
    <subfield code="a">unmediated</subfield>
    <subfield code="b">n</subfield>
    <subfield code="2">rdamedia</subfield>
  </datafield>
  <datafield tag="338" ind1=" " ind2=" ">
    <subfield code="a">volume</subfield>
    <subfield code="b">nc</subfield>
    <subfield code="2">rdacarrier</subfield>
  </datafield>
  <datafield tag="520" ind1=" " ind2=" ">
    <subfield code="a">&quot;&quot;If young adults could be guided in the right direction for a life journey of meaning and purpose we would be grooming the leaders of tomorrow for a better world. This book is the perfect guide.&quot;  --Deepak Chopra, MD, FACP, founder of the Chopra Center for Wellbeing and author of The Four Agreements: A Practical Guide to Personal Freedom    What am I going to do for the rest of my life?  For young people at a turning point--whether it&apos;s facing the end of high school, college, graduate school, or just a dead-end job--this is a familiar question. Maybe they have the degree they wanted, but don&apos;t know where to start in their job search. Maybe they&apos;re still in the process of choosing a major, and given the range--from &quot;Biochemistry&quot; to &quot;Adventure Education&quot;--are lost in the options. Maybe they&apos;re facing a mountain of debt, but don&apos;t want to get locked into a job they hate.  While other books might give advice on writing resumes or preparing for interviews, they only go so far. Young people want more than just another job--they want a life, and a meaningful one at that.  Enter The Big Picture. Created by the leading authority on self-help research, and reviewed by over six hundred college students, Dr. Christine B. Whelan&apos;s The Big Picture offers a guide to discover one&apos;s talents, dreams, and desires that can then lead a person to not only a fulfilling career, but a fulfilling life. It guides young people to take a step back and look at the &quot;big picture&quot; of who they are, what they want, and why they&apos;re here.  Through quizzes and questionnaires which have been vetted by college students, Whelan guides the reader through &quot;big picture&quot; questions like, What are my talents--and how can I use those to help others and create meaning? How have my life experiences shaped who I am and what I can give? What do I value--and how can I be happy while being true to those values?Although there are endless books on finding a job, this is the first book that presents research-based and tested material to help young people answer the question, What am I going to do with my life? A great gift for a graduate or a guide for yourself, The Big Picture provides the resources needed to find--and live--a purposeful life&quot;--</subfield>
    <subfield code="c">Provided by publisher.</subfield>
  </datafield>
  <datafield tag="504" ind1=" " ind2=" ">
    <subfield code="a">Includes bibliographical references (pages 229-232).</subfield>
  </datafield>
  <datafield tag="650" ind1=" " ind2="0">
    <subfield code="a">Self-actualization (Psychology)</subfield>
  </datafield>
  <datafield tag="650" ind1=" " ind2="0">
    <subfield code="a">Motivation (Psychology)</subfield>
  </datafield>
  <datafield tag="650" ind1=" " ind2="7">
    <subfield code="a">SELF-HELP / Personal Growth / General.</subfield>
    <subfield code="2">bisacsh</subfield>
  </datafield>
  <datafield tag="650" ind1=" " ind2="7">
    <subfield code="a">SELF-HELP / Motivational &amp; Inspirational.</subfield>
    <subfield code="2">bisacsh</subfield>
  </datafield>
  <datafield tag="650" ind1=" " ind2="7">
    <subfield code="a">SELF-HELP / Personal Growth / Success.</subfield>
    <subfield code="2">bisacsh</subfield>
  </datafield>
  <datafield tag="776" ind1="0" ind2="8">
    <subfield code="i">Online version:</subfield>
    <subfield code="a">Whelan, Christine B., 1977- author.</subfield>
    <subfield code="t">Big picture</subfield>
    <subfield code="b">First Edition.</subfield>
    <subfield code="d">West Conshohocken, PA : Templeton Press, 2016</subfield>
    <subfield code="z">9781599475103</subfield>
    <subfield code="w">(DLC) 2016010981</subfield>
  </datafield>
</record>