
<record>
  <leader>03436cam a22003617i 4500</leader>
  <controlfield tag="001">19000467</controlfield>
  <controlfield tag="005">20200103150602.0</controlfield>
  <controlfield tag="008">160304s2016    nju           001 0 eng  </controlfield>
  <datafield tag="906" ind1=" " ind2=" ">
    <subfield code="a">7</subfield>
    <subfield code="b">cbc</subfield>
    <subfield code="c">orignew</subfield>
    <subfield code="d">1</subfield>
    <subfield code="e">ecip</subfield>
    <subfield code="f">20</subfield>
    <subfield code="g">y-gencatlg</subfield>
  </datafield>
  <datafield tag="925" ind1="0" ind2=" ">
    <subfield code="a">acquire</subfield>
    <subfield code="b">2 shelf copies</subfield>
    <subfield code="x">policy default (ex.)</subfield>
    <subfield code="e">claim1  2016-09-08</subfield>
  </datafield>
  <datafield tag="955" ind1=" " ind2=" ">
    <subfield code="b">rm13 2016-03-04</subfield>
    <subfield code="i">rm13 2016-03-04 ONIX (telework)</subfield>
    <subfield code="w">xm06 2016-03-04</subfield>
    <subfield code="a">xn05 2016-10-12 1 copy rec&apos;d., to CIP ver.</subfield>
    <subfield code="i">rm06 2016-11-03 to CALM</subfield>
    <subfield code="t">rm11 2017-03-07 copy 2 to CALM</subfield>
  </datafield>
  <datafield tag="010" ind1=" " ind2=" ">
    <subfield code="a">  2016010707</subfield>
  </datafield>
  <datafield tag="020" ind1=" " ind2=" ">
    <subfield code="a">9781119267362 (hardback)</subfield>
  </datafield>
  <datafield tag="020" ind1=" " ind2=" ">
    <subfield code="z">9781119267423 (epub)</subfield>
  </datafield>
  <datafield tag="020" ind1=" " ind2=" ">
    <subfield code="z">9781119267379 (epdf)</subfield>
  </datafield>
  <datafield tag="040" ind1=" " ind2=" ">
    <subfield code="a">DLC</subfield>
    <subfield code="b">eng</subfield>
    <subfield code="c">DLC</subfield>
    <subfield code="e">rda</subfield>
    <subfield code="d">DLC</subfield>
  </datafield>
  <datafield tag="050" ind1="0" ind2="0">
    <subfield code="a">HG179</subfield>
    <subfield code="b">.V588 2016</subfield>
  </datafield>
  <datafield tag="082" ind1="0" ind2="0">
    <subfield code="a">332.024</subfield>
    <subfield code="2">23</subfield>
  </datafield>
  <datafield tag="084" ind1=" " ind2=" ">
    <subfield code="a">BUS050010</subfield>
    <subfield code="2">bisacsh</subfield>
  </datafield>
  <datafield tag="100" ind1="1" ind2=" ">
    <subfield code="a">Vitug, Jason,</subfield>
    <subfield code="e">author.</subfield>
  </datafield>
  <datafield tag="245" ind1="1" ind2="0">
    <subfield code="a">You only live once :</subfield>
    <subfield code="b">the roadmap to financial wellness and a purposeful life /</subfield>
    <subfield code="c">Jason Vitug.</subfield>
  </datafield>
  <datafield tag="264" ind1=" " ind2="1">
    <subfield code="a">Hoboken :</subfield>
    <subfield code="b">Wiley,</subfield>
    <subfield code="c">[2016]</subfield>
  </datafield>
  <datafield tag="300" ind1=" " ind2=" ">
    <subfield code="a">xix, 169 pages ;</subfield>
    <subfield code="c">24 cm</subfield>
  </datafield>
  <datafield tag="336" ind1=" " ind2=" ">
    <subfield code="a">text</subfield>
    <subfield code="b">txt</subfield>
    <subfield code="2">rdacontent</subfield>
  </datafield>
  <datafield tag="337" ind1=" " ind2=" ">
    <subfield code="a">unmediated</subfield>
    <subfield code="b">n</subfield>
    <subfield code="2">rdamedia</subfield>
  </datafield>
  <datafield tag="338" ind1=" " ind2=" ">
    <subfield code="a">volume</subfield>
    <subfield code="b">nc</subfield>
    <subfield code="2">rdacarrier</subfield>
  </datafield>
  <datafield tag="500" ind1=" " ind2=" ">
    <subfield code="a">Includes index.</subfield>
  </datafield>
  <datafield tag="520" ind1=" " ind2=" ">
    <subfield code="a">&quot;You Only Live Once redefines the millennial mantra into a practice of mindful financial decision-making to engineer one&amp;rsquo;s dream lifestyle. There are numerous books, seminars and apps created to address the issue of financial illiteracy but none highlights the fundamental reason why financial knowledge is important.&amp;nbsp; There is a growing movement among personal finance bloggers and educators to refocus financial education from the &quot;how&quot; to the &quot;why&quot;; It&apos;s important to address the inner motivations and habits that are preventing many from living their dreams.  Structured in three parts, the book focuses on the ACT Process:   Awareness focuses on understanding their relationship with money in a process to accept past financial decisions and articulate their lifestyle goal. This stage is about financial awareness.  Create a Plan is the second stage walking the reader through the budgeting process helping to align the readers financial goals with their lifestyle goal.&amp;nbsp;  Take Control is the third stage that focuses on practicing mindfulness and changing habits.  You Only Live Once is a motivational, self-help, and personal finance book geared to people who seek to change their lives through a better understanding of their relationship with money, behaviors and habits, and increased financial awareness&quot;--</subfield>
    <subfield code="c">Provided by publisher.</subfield>
  </datafield>
  <datafield tag="520" ind1=" " ind2=" ">
    <subfield code="a">&quot;You Only Live Once redefines the millennial mantra into a practice of mindful financial decision-making to engineer one&apos;s dream lifestyle. There are numerous books, seminars and apps created to address the issue of financial illiteracy but none highlights the fundamental reason why financial knowledge is important. There is a growing movement among personal finance bloggers and educators to refocus financial education from the &quot;how&quot; to the &quot;why.&quot; It&apos;s important to address the inner motivations and habits that are preventing many from living their dreams&quot;--</subfield>
    <subfield code="c">Provided by publisher.</subfield>
  </datafield>
  <datafield tag="650" ind1=" " ind2="0">
    <subfield code="a">Finance, Personal.</subfield>
  </datafield>
  <datafield tag="650" ind1=" " ind2="7">
    <subfield code="a">BUSINESS &amp; ECONOMICS / Personal Finance / Budgeting.</subfield>
    <subfield code="2">bisacsh</subfield>
  </datafield>
  <datafield tag="776" ind1="0" ind2="8">
    <subfield code="i">Online version:</subfield>
    <subfield code="a">Vitug, Jason, author.</subfield>
    <subfield code="t">You only live once</subfield>
    <subfield code="d">Hoboken : Wiley, 2016</subfield>
    <subfield code="z">9781119267379</subfield>
    <subfield code="w">(DLC) 2016011195</subfield>
  </datafield>
  <datafield tag="963" ind1=" " ind2=" ">
    <subfield code="a">Wanda Henderson; phone: 201-748-6071; email: whenders@wiley.com; bc: ccopy@wiley.com</subfield>
  </datafield>
</record>