
<record>
  <leader>03203cam a22003257i 4500</leader>
  <controlfield tag="001">19000492</controlfield>
  <controlfield tag="005">20200103150603.0</controlfield>
  <controlfield tag="008">160304s2016    nyu      b    001 0 eng  </controlfield>
  <datafield tag="906" ind1=" " ind2=" ">
    <subfield code="a">7</subfield>
    <subfield code="b">cbc</subfield>
    <subfield code="c">orignew</subfield>
    <subfield code="d">1</subfield>
    <subfield code="e">ecip</subfield>
    <subfield code="f">20</subfield>
    <subfield code="g">y-gencatlg</subfield>
  </datafield>
  <datafield tag="925" ind1="0" ind2=" ">
    <subfield code="a">acquire</subfield>
    <subfield code="b">2 shelf copies</subfield>
    <subfield code="x">policy default (ex.)</subfield>
  </datafield>
  <datafield tag="955" ind1=" " ind2=" ">
    <subfield code="b">rm13 2016-03-04</subfield>
    <subfield code="i">rm13 2016-03-04 (telework)</subfield>
    <subfield code="w">xm06 2016-03-04</subfield>
    <subfield code="a">rm13 2016-04-13 eCIP chg. request</subfield>
    <subfield code="a">xn05 2016-07-08 1 copy rec&apos;d., to CIP ver.</subfield>
    <subfield code="f">rm06 2016-07-13 to BCCD (OT)</subfield>
    <subfield code="t">rm11 2017-08-26 copy 2 to CALM</subfield>
  </datafield>
  <datafield tag="010" ind1=" " ind2=" ">
    <subfield code="a">  2015038795</subfield>
  </datafield>
  <datafield tag="020" ind1=" " ind2=" ">
    <subfield code="a">9781433131790 (hardcover : alk. paper)</subfield>
  </datafield>
  <datafield tag="020" ind1=" " ind2=" ">
    <subfield code="a">9781433131783 (pbk. : alk. paper)</subfield>
  </datafield>
  <datafield tag="020" ind1=" " ind2=" ">
    <subfield code="z">9781453917008 (e-book)</subfield>
  </datafield>
  <datafield tag="040" ind1=" " ind2=" ">
    <subfield code="a">DLC</subfield>
    <subfield code="b">eng</subfield>
    <subfield code="c">DLC</subfield>
    <subfield code="e">rda</subfield>
    <subfield code="d">DLC</subfield>
  </datafield>
  <datafield tag="050" ind1="0" ind2="0">
    <subfield code="a">HF5414</subfield>
    <subfield code="b">.M43 2016</subfield>
  </datafield>
  <datafield tag="082" ind1="0" ind2="0">
    <subfield code="a">658.8/72</subfield>
    <subfield code="2">23</subfield>
  </datafield>
  <datafield tag="245" ind1="0" ind2="0">
    <subfield code="a">Media business models :</subfield>
    <subfield code="b">breaking the traditional value chain /</subfield>
    <subfield code="c">edited by Klaus Zilles, and Joan Cuenca.</subfield>
  </datafield>
  <datafield tag="264" ind1=" " ind2="1">
    <subfield code="a">New York :</subfield>
    <subfield code="b">Peter Lang,</subfield>
    <subfield code="c">2016.</subfield>
  </datafield>
  <datafield tag="300" ind1=" " ind2=" ">
    <subfield code="a">vi, 269 pages ;</subfield>
    <subfield code="c">23 cm</subfield>
  </datafield>
  <datafield tag="336" ind1=" " ind2=" ">
    <subfield code="a">text</subfield>
    <subfield code="2">rdacontent</subfield>
  </datafield>
  <datafield tag="337" ind1=" " ind2=" ">
    <subfield code="a">unmediated</subfield>
    <subfield code="2">rdamedia</subfield>
  </datafield>
  <datafield tag="338" ind1=" " ind2=" ">
    <subfield code="a">volume</subfield>
    <subfield code="2">rdacarrier</subfield>
  </datafield>
  <datafield tag="504" ind1=" " ind2=" ">
    <subfield code="a">Includes bibliographical references and index.</subfield>
  </datafield>
  <datafield tag="505" ind1="0" ind2=" ">
    <subfield code="a">Introduction / by Joan Cuenca and Klaus Zilles -- Us and european perspectives of the changing media value chainparadigm in social networks and blogs -- The face and the ethics of social networks / by Monika Bogdanowska and Ewa Bogdanowska-Jakubowska -- Mom 2.0 : mothering in the blogosphere / by Jennifer Raymond and Jodi Cohen -- Virtual local public sphere : the role of new media in creating a contemporary local democracy / by Ilona Biernacka-Ligieza -- Momentous challenges in uncharted territory : advertising and public relations -- Effects of communication in public and media rationale : result measures of public relations / by Guillem Marca, Kathy Matilla, and Andréa Oliveira -- Hot brands are cool : the temperature scale as a tool for branding in a digital society / by Patrícia Dias -- The advertising offer in the new media landscape / by Juan Monserrat and Araceli Castelló -- Media and the creation of brand value in signification advertising : the definition of a model and case studies: muji, moleskine, bench / by Felip Vidal -- Engagement is the name of the game : gamification as a communication strategy in advertising and public relations / by Elisenda Estanyol, Mireia Montaña and Ferran Lalueza -- Traditional television teams up with the social networks -- Value changes in television audience : from the traditional audience to the social audience / by Ana González-Neira and Natalia Quintas-Froufe -- Towards a history of media conjuncture : the daily show, audience and the &quot;revolution&quot; / by Boris Ruzic -- Inter-continental corollaries of breaking the media value chain in journalism -- The disruption of the portuguese media democracy? : economic crisis and media ownership / by Nelson Costa Ribeiro and Rita Figueiras -- Africa in spanish newspapers : from indifference to irrelevance / by Luis Concepción Sepúlveda and Alfons Medina -- Contributors.</subfield>
  </datafield>
  <datafield tag="650" ind1=" " ind2="0">
    <subfield code="a">Social media</subfield>
    <subfield code="x">Marketing.</subfield>
  </datafield>
  <datafield tag="650" ind1=" " ind2="0">
    <subfield code="a">Social marketing.</subfield>
  </datafield>
  <datafield tag="700" ind1="1" ind2=" ">
    <subfield code="a">Zilles, Klaus,</subfield>
    <subfield code="d">1963-</subfield>
    <subfield code="e">editor.</subfield>
  </datafield>
  <datafield tag="700" ind1="1" ind2=" ">
    <subfield code="a">Cuenca, Joan,</subfield>
    <subfield code="d">1968-</subfield>
    <subfield code="e">editor.</subfield>
  </datafield>
</record>