
<record>
  <leader>02877cam a22003737i 4500</leader>
  <controlfield tag="001">19003638</controlfield>
  <controlfield tag="005">20200103121025.0</controlfield>
  <controlfield tag="008">151009s2015    ru       b    100 0 rus  </controlfield>
  <datafield tag="906" ind1=" " ind2=" ">
    <subfield code="a">7</subfield>
    <subfield code="b">cbc</subfield>
    <subfield code="c">origres</subfield>
    <subfield code="d">3</subfield>
    <subfield code="e">ncip</subfield>
    <subfield code="f">20</subfield>
    <subfield code="g">y-nonroman</subfield>
  </datafield>
  <datafield tag="925" ind1="0" ind2=" ">
    <subfield code="a">acquire</subfield>
    <subfield code="b">1 shelf copy</subfield>
    <subfield code="x">policy default</subfield>
  </datafield>
  <datafield tag="955" ind1=" " ind2=" ">
    <subfield code="b">fe15 2016-03-24 telework to cat.</subfield>
    <subfield code="a">fe00 2016-04-08 to GS/RUS</subfield>
    <subfield code="h">fe12 2019-04-29 overtime to shelf</subfield>
  </datafield>
  <datafield tag="010" ind1=" " ind2=" ">
    <subfield code="a">  2015524964</subfield>
  </datafield>
  <datafield tag="020" ind1=" " ind2=" ">
    <subfield code="a">9785878601535</subfield>
  </datafield>
  <datafield tag="035" ind1=" " ind2=" ">
    <subfield code="a">(RuMoEVIS)ev1142574B</subfield>
  </datafield>
  <datafield tag="040" ind1=" " ind2=" ">
    <subfield code="a">DLC</subfield>
    <subfield code="b">eng</subfield>
    <subfield code="e">rda</subfield>
    <subfield code="c">DLC</subfield>
  </datafield>
  <datafield tag="050" ind1="0" ind2="0">
    <subfield code="a">MLCS 2019/42148 (H)</subfield>
  </datafield>
  <datafield tag="066" ind1=" " ind2=" ">
    <subfield code="c">(N</subfield>
  </datafield>
  <datafield tag="111" ind1="2" ind2=" ">
    <subfield code="a">Mezhdunarodnai︠a︡ nauchno-prakticheskai︠a︡ konferent︠s︡ii︠a︡ &quot;Rozysk dolzhnikov i ikh aktivov: nat︠s︡ionalʹnoe regulirovanie i mezhdunarodnoe sotrudnichestvo&quot;</subfield>
    <subfield code="n">(5th :</subfield>
    <subfield code="d">2014 :</subfield>
    <subfield code="c">Vladikavkaz, Russia)</subfield>
  </datafield>
  <datafield tag="245" ind1="1" ind2="0">
    <subfield code="6">880-01</subfield>
    <subfield code="a">Rozysk dolzhnikov i ikh aktivov :</subfield>
    <subfield code="b">nat︠s︡ionalʹnoe regulirovanie i mezhdunarodnoe sotrudnichestvo : sbornik materialov V Mezhdunarodnoĭ nauchno-prakticheskoĭ konferent︠s︡ii, 9-11 senti︠a︡bri︠a︡ 2014 goda, g. Vladikavkaz, Rossii︠a︡ = The search for debtors and their assets national regulation and international cooperation publications of the V International scientific and practical conference, 9-11 September 2014, Vladikavkaz, Russia /</subfield>
    <subfield code="c">Otvetstvennye redaktor: A.O. Parfenchikov i V.A. Gureev.</subfield>
  </datafield>
  <datafield tag="246" ind1="3" ind2="1">
    <subfield code="a">The search for debtors and their assets national regulation and international cooperation publications of the V International scientific and practical conference, 9-11 September 2014, Vladikavkaz, Russia</subfield>
  </datafield>
  <datafield tag="880" ind1="1" ind2="0">
    <subfield code="6">245-01/(N</subfield>
    <subfield code="a">Розыск должников и их активов :</subfield>
    <subfield code="b">национальное регулирование и международное сотрудничество : сборник материалов V Международной научно-практической конференции, 9-11 сентября 2014 года, г. Владикавказ, Россия = The search for debtors and their assets national regulation and international cooperation publications of the V International scientific and practical conference, 9-11 September 2014, Vladikavkaz, Russia /</subfield>
    <subfield code="c">Ответственные редактор: А.О. Парфенчиков и В.А. Гуреев.</subfield>
  </datafield>
  <datafield tag="264" ind1=" " ind2="1">
    <subfield code="6">880-02</subfield>
    <subfield code="a">Vladikavkaz :</subfield>
    <subfield code="b">Olimp,</subfield>
    <subfield code="c">2015.</subfield>
  </datafield>
  <datafield tag="880" ind1=" " ind2="1">
    <subfield code="6">264-02/(N</subfield>
    <subfield code="a">Владикавказ :</subfield>
    <subfield code="b">Олимп,</subfield>
    <subfield code="c">2015.</subfield>
  </datafield>
  <datafield tag="300" ind1=" " ind2=" ">
    <subfield code="a">413 pages ;</subfield>
    <subfield code="c">21 cm</subfield>
  </datafield>
  <datafield tag="336" ind1=" " ind2=" ">
    <subfield code="a">text</subfield>
    <subfield code="b">txt</subfield>
    <subfield code="2">rdacontent</subfield>
  </datafield>
  <datafield tag="337" ind1=" " ind2=" ">
    <subfield code="a">unmediated</subfield>
    <subfield code="b">n</subfield>
    <subfield code="2">rdamedia</subfield>
  </datafield>
  <datafield tag="338" ind1=" " ind2=" ">
    <subfield code="a">volume</subfield>
    <subfield code="b">nc</subfield>
    <subfield code="2">rdacarrier</subfield>
  </datafield>
  <datafield tag="500" ind1=" " ind2=" ">
    <subfield code="a">&quot;Nauchnoe izdanie&quot;--Colophon.</subfield>
  </datafield>
  <datafield tag="504" ind1=" " ind2=" ">
    <subfield code="a">Includes bibliographical references.</subfield>
  </datafield>
  <datafield tag="653" ind1="0" ind2=" ">
    <subfield code="a">Debtor and creditor;</subfield>
    <subfield code="a">collection laws;</subfield>
    <subfield code="a">congresses</subfield>
  </datafield>
  <datafield tag="700" ind1="1" ind2=" ">
    <subfield code="a">Parfenchikov, A. O.,</subfield>
    <subfield code="e">editor.</subfield>
  </datafield>
  <datafield tag="700" ind1="1" ind2=" ">
    <subfield code="a">Gureev, V. A.</subfield>
    <subfield code="q">(Vladimir Aleksandrovich),</subfield>
    <subfield code="e">editor.</subfield>
  </datafield>
  <datafield tag="923" ind1=" " ind2=" ">
    <subfield code="d">20151228</subfield>
    <subfield code="n">10164966</subfield>
    <subfield code="s">RuMoEVIS</subfield>
  </datafield>
  <datafield tag="985" ind1=" " ind2=" ">
    <subfield code="e">VENDOR LOAD</subfield>
  </datafield>
</record>